% ========================================
% PHYSICS-INFORMED NEURAL NETWORKS - FOUNDATIONAL WORKS
% ========================================

@article{raissi2019physics,
  title={Physics-informed neural networks: A deep learning framework for solving forward and inverse problems involving nonlinear partial differential equations},
  author={Raissi, Maziar and Perdikaris, Paris and Karniadakis, George Em},
  journal={Journal of Computational Physics},
  volume={378},
  pages={686--707},
  year={2019},
  publisher={Elsevier}
}

@article{sirignano2018dgm,
  title={DGM: A deep learning algorithm for solving partial differential equations},
  author={Sirignano, Justin and Spiliopoulos, Konstantinos},
  journal={Journal of Computational Physics},
  volume={375},
  pages={1339--1364},
  year={2018},
  publisher={Elsevier}
}

@article{weinan2017deep,
  title={The deep Ritz method: a deep learning-based numerical method for solving variational problems},
  author={E, Weinan and Yu, Bing},
  journal={Communications in Mathematics and Statistics},
  volume={6},
  number={1},
  pages={1--12},
  year={2018},
  publisher={Springer}
}

@article{berg2018unified,
  title={A unified deep artificial neural network approach to partial differential equations in complex geometries},
  author={Berg, Jens and Nystr{\"o}m, Kaj},
  journal={Neurocomputing},
  volume={317},
  pages={28--41},
  year={2018},
  publisher={Elsevier}
}

% ========================================
% PHYSICS-INFORMED NEURAL NETWORKS - RECENT ADVANCES
% ========================================

@article{karniadakis2021physics,
  title={Physics-informed machine learning},
  author={Karniadakis, George Em and Kevrekidis, Ioannis G and Lu, Lu and Perdikaris, Paris and Wang, Sifan and Yang, Liu},
  journal={Nature Reviews Physics},
  volume={3},
  number={6},
  pages={422--440},
  year={2021},
  publisher={Nature Publishing Group}
}

@article{cuomo2022scientific,
  title={Scientific machine learning through physics--informed neural networks: where we are and what's next},
  author={Cuomo, Salvatore and Di Cola, Vincenzo Schiano and Giampaolo, Fabio and Rozza, Gianluigi and Raissi, Maziar and Piccialli, Francesco},
  journal={Journal of Scientific Computing},
  volume={92},
  number={3},
  pages={1--62},
  year={2022},
  publisher={Springer}
}

@article{wang2021understanding,
  title={Understanding and mitigating gradient flow pathologies in physics-informed neural networks},
  author={Wang, Sifan and Teng, Yujun and Perdikaris, Paris},
  journal={SIAM Journal on Scientific Computing},
  volume={43},
  number={5},
  pages={A3055--A3081},
  year={2021},
  publisher={SIAM}
}

@article{wang2022when,
  title={When and why PINNs fail to train: A neural tangent kernel perspective},
  author={Wang, Sifan and Yu, Xinling and Perdikaris, Paris},
  journal={Journal of Computational Physics},
  volume={449},
  pages={110768},
  year={2022},
  publisher={Elsevier}
}

@article{wang2022respecting,
  title={Respecting causality is all you need for training physics-informed neural networks},
  author={Wang, Sifan and Wang, Hanwen and Perdikaris, Paris},
  journal={arXiv preprint arXiv:2203.07404},
  year={2022}
}

@article{krishnapriyan2021characterizing,
  title={Characterizing possible failure modes in physics-informed neural networks},
  author={Krishnapriyan, Aditi and Gholami, Amir and Zhe, Shandian and Kirby, Robert and Mahoney, Michael W},
  journal={Advances in Neural Information Processing Systems},
  volume={34},
  pages={26548--26560},
  year={2021}
}

@article{mcclenny2023self,
  title={Self-adaptive physics-informed neural networks},
  author={McClenny, Levi and Haile, Mulugeta A and Braga-Neto, Ulisses M},
  journal={Journal of Computational Physics},
  volume={474},
  pages={111722},
  year={2023},
  publisher={Elsevier}
}

@article{daw2022mitigating,
  title={Mitigating propagation failures in physics-informed neural networks using retain-resample-release (R3) sampling},
  author={Daw, Arka and Bu, Jie and Wang, Sifan and Perdikaris, Paris and Karpatne, Anuj},
  journal={arXiv preprint arXiv:2207.02338},
  year={2022}
}

% ========================================
% PHYSICS-INFORMED NEURAL NETWORKS - APPLICATIONS AND EXTENSIONS
% ========================================

@article{jin2021nsfnets,
  title={NSFnets (Navier-Stokes flow nets): Physics-informed neural networks for the incompressible Navier-Stokes equations},
  author={Jin, Xiaowei and Cai, Shengze and Li, Hui and Karniadakis, George Em},
  journal={Journal of Computational Physics},
  volume={426},
  pages={109951},
  year={2021},
  publisher={Elsevier}
}

@article{haghighat2021physics,
  title={A physics-informed deep learning framework for inversion and surrogate modeling in solid mechanics},
  author={Haghighat, Ehsan and Raissi, Maziar and Moure, Adrian and Gomez, Hector and Juanes, Ruben},
  journal={Computer Methods in Applied Mechanics and Engineering},
  volume={379},
  pages={113741},
  year={2021},
  publisher={Elsevier}
}

@article{cai2021physics,
  title={Physics-informed neural networks for heat transfer problems},
  author={Cai, Shengze and Wang, Zhiping and Wang, Sifan and Perdikaris, Paris and Karniadakis, George Em},
  journal={Journal of Heat Transfer},
  volume={143},
  number={6},
  pages={060801},
  year={2021},
  publisher={American Society of Mechanical Engineers}
}

@article{chen2020physics,
  title={Physics-informed neural networks for inverse problems in nano-optics and metamaterials},
  author={Chen, Yuyao and Lu, Lu and Karniadakis, George Em and Dal Negro, Luca},
  journal={Optics Express},
  volume={28},
  number={8},
  pages={11618--11633},
  year={2020},
  publisher={Optical Society of America}
}

@article{mao2020physics,
  title={Physics-informed neural networks for high-speed flows},
  author={Mao, Zhiping and Jagtap, Ameya D and Karniadakis, George Em},
  journal={Computer Methods in Applied Mechanics and Engineering},
  volume={360},
  pages={112789},
  year={2020},
  publisher={Elsevier}
}

@article{sahli2020physics,
  title={Physics-informed neural network method for forward and backward advection-dispersion equations},
  author={Sahli Costabal, Francisco and Yang, Yibo and Perdikaris, Paris and Hurtado, Daniel E and Kuhl, Ellen},
  journal={Water Resources Research},
  volume={56},
  number={5},
  pages={e2020WR027438},
  year={2020},
  publisher={Wiley Online Library}
}

@article{rao2020physics,
  title={Physics-informed deep learning for incompressible laminar flows},
  author={Rao, Chengping and Sun, Hao and Liu, Yang},
  journal={Theoretical and Applied Mechanics Letters},
  volume={10},
  number={3},
  pages={207--212},
  year={2020},
  publisher={Elsevier}
}

@article{wight2020solving,
  title={Solving Allen-Cahn and Cahn-Hilliard equations using the adaptive physics informed neural networks},
  author={Wight, Colby L and Zhao, Jia},
  journal={Communications in Computational Physics},
  volume={29},
  number={3},
  pages={930--954},
  year={2021},
  publisher={Cambridge University Press}
}

% ========================================
% PHYSICS-INFORMED NEURAL NETWORKS - METHODOLOGICAL IMPROVEMENTS
% ========================================

@article{jagtap2020adaptive,
  title={Adaptive activation functions accelerate convergence in deep and physics-informed neural networks},
  author={Jagtap, Ameya D and Kawaguchi, Kenji and Karniadakis, George Em},
  journal={Journal of Computational Physics},
  volume={404},
  pages={109136},
  year={2020},
  publisher={Elsevier}
}

@article{lu2021deepxde,
  title={DeepXDE: A deep learning library for solving differential equations},
  author={Lu, Lu and Meng, Xuhui and Mao, Zhiping and Karniadakis, George Em},
  journal={SIAM Review},
  volume={63},
  number={1},
  pages={208--228},
  year={2021},
  publisher={SIAM}
}

@article{shukla2021parallel,
  title={Parallel physics-informed neural networks via domain decomposition},
  author={Shukla, Khemraj and Jagtap, Ameya D and Karniadakis, George Em},
  journal={Journal of Computational Physics},
  volume={447},
  pages={110683},
  year={2021},
  publisher={Elsevier}
}

@article{meng2020ppinn,
  title={PPINN: Parareal physics-informed neural network for time-dependent PDEs},
  author={Meng, Xuhui and Li, Zhen and Zhang, Dongkun and Karniadakis, George Em},
  journal={Computer Methods in Applied Mechanics and Engineering},
  volume={370},
  pages={113250},
  year={2020},
  publisher={Elsevier}
}

@article{pang2019fpinns,
  title={fPINNs: Fractional physics-informed neural networks},
  author={Pang, Guofei and Lu, Lu and Karniadakis, George Em},
  journal={SIAM Journal on Scientific Computing},
  volume={41},
  number={4},
  pages={A2603--A2626},
  year={2019},
  publisher={SIAM}
}

% ========================================
% UNCERTAINTY QUANTIFICATION IN PINNS
% ========================================

@article{yang2019adversarial,
  title={Adversarial uncertainty quantification in physics-informed neural networks},
  author={Yang, Yibo and Perdikaris, Paris},
  journal={Journal of Computational Physics},
  volume={394},
  pages={136--152},
  year={2019},
  publisher={Elsevier}
}

@article{zhang2019quantifying,
  title={Quantifying total uncertainty in physics-informed neural networks for solving forward and inverse stochastic problems},
  author={Zhang, Dongkun and Lu, Lu and Guo, Ling and Karniadakis, George Em},
  journal={Journal of Computational Physics},
  volume={397},
  pages={108850},
  year={2019},
  publisher={Elsevier}
}

@article{abdar2021review,
  title={A review of uncertainty quantification in deep learning: Techniques, applications and challenges},
  author={Abdar, Moloud and Pourpanah, Farhad and Hussain, Sajjad and Rezazadegan, Dana and Liu, Li and Ghavamzadeh, Mohammad and Fieguth, Paul and Cao, Xiaochun and Khosravi, Abbas and Acharya, U Rajendra and others},
  journal={Information Fusion},
  volume={76},
  pages={243--297},
  year={2021},
  publisher={Elsevier}
}

@article{gal2016dropout,
  title={Dropout as a bayesian approximation: Representing model uncertainty in deep learning},
  author={Gal, Yarin and Ghahramani, Zoubin},
  booktitle={International Conference on Machine Learning},
  pages={1050--1059},
  year={2016},
  organization={PMLR}
}

% ========================================
% META-LEARNING - FOUNDATIONAL WORKS
% ========================================

@inproceedings{finn2017model,
  title={Model-agnostic meta-learning for fast adaptation of deep networks},
  author={Finn, Chelsea and Abbeel, Pieter and Levine, Sergey},
  booktitle={International Conference on Machine Learning},
  pages={1126--1135},
  year={2017},
  organization={PMLR}
}

@inproceedings{thrun1998learning,
  title={Learning to learn: Introduction and overview},
  author={Thrun, Sebastian and Pratt, Lorien},
  booktitle={Learning to learn},
  pages={3--17},
  year={1998},
  publisher={Springer}
}

@article{schmidhuber1987evolutionary,
  title={Evolutionary principles in self-referential learning, or on learning how to learn: the meta-meta-... hook},
  author={Schmidhuber, J{\"u}rgen},
  journal={Diploma thesis, Technische Universit{\"a}t M{\"u}nchen},
  year={1987}
}

@inproceedings{bengio1990learning,
  title={Learning a synaptic learning rule},
  author={Bengio, Samy and Bengio, Yoshua and Cloutier, Jocelyn and Gecsei, Jan},
  booktitle={IJCNN-91-Seattle International Joint Conference on Neural Networks},
  volume={2},
  pages={969--969},
  year={1991},
  organization={IEEE}
}

% ========================================
% META-LEARNING - GRADIENT-BASED APPROACHES
% ========================================

@article{nichol2018first,
  title={On first-order meta-learning algorithms},
  author={Nichol, Alex and Achiam, Joshua and Schulman, John},
  journal={arXiv preprint arXiv:1803.02999},
  year={2018}
}

@article{antoniou2018train,
  title={How to train your MAML},
  author={Antoniou, Antreas and Edwards, Harrison and Storkey, Amos},
  journal={arXiv preprint arXiv:1810.09502},
  year={2018}
}

@inproceedings{rajeswaran2019meta,
  title={Meta-learning with implicit gradients},
  author={Rajeswaran, Aravind and Finn, Chelsea and Kakade, Sham M and Levine, Sergey},
  booktitle={Advances in Neural Information Processing Systems},
  pages={113--124},
  year={2019}
}

@inproceedings{li2017meta,
  title={Meta-sgd: Learning to learn quickly for few-shot learning},
  author={Li, Zhenguo and Zhou, Fengwei and Chen, Fei and Li, Hang},
  booktitle={arXiv preprint arXiv:1707.09835},
  year={2017}
}

@inproceedings{grant2018recasting,
  title={Recasting gradient-based meta-learning as hierarchical bayes},
  author={Grant, Erin and Finn, Chelsea and Levine, Sergey and Griffiths, Thomas and Goodman, Noah},
  booktitle={International Conference on Learning Representations},
  year={2018}
}

% ========================================
% META-LEARNING - MEMORY-AUGMENTED APPROACHES
% ========================================

@article{graves2014neural,
  title={Neural turing machines},
  author={Graves, Alex and Wayne, Greg and Danihelka, Ivo},
  journal={arXiv preprint arXiv:1410.5401},
  year={2014}
}

@inproceedings{santoro2016meta,
  title={Meta-learning with memory-augmented neural networks},
  author={Santoro, Adam and Bartunov, Sergey and Botvinick, Matthew and Wierstra, Daan and Lillicrap, Timothy},
  booktitle={International Conference on Machine Learning},
  pages={1842--1850},
  year={2016},
  organization={PMLR}
}

@inproceedings{munkhdalai2017meta,
  title={Meta networks},
  author={Munkhdalai, Tsendsuren and Yu, Hong},
  booktitle={International Conference on Machine Learning},
  pages={2554--2563},
  year={2017},
  organization={PMLR}
}

% ========================================
% META-LEARNING - METRIC LEARNING APPROACHES
% ========================================

@inproceedings{snell2017prototypical,
  title={Prototypical networks for few-shot learning},
  author={Snell, Jake and Swersky, Kevin and Zemel, Richard},
  booktitle={Advances in Neural Information Processing Systems},
  pages={4077--4087},
  year={2017}
}

@inproceedings{vinyals2016matching,
  title={Matching networks for one shot learning},
  author={Vinyals, Oriol and Blundell, Charles and Lillicrap, Timothy and Wierstra, Daan and others},
  booktitle={Advances in Neural Information Processing Systems},
  pages={3630--3638},
  year={2016}
}

@inproceedings{rusu2018meta,
  title={Meta-learning with latent embedding optimization},
  author={Rusu, Andrei A and Rao, Dushyant and Sygnowski, Jakub and Vinyals, Oriol and Pascanu, Razvan and Osindero, Simon and Hadsell, Raia},
  booktitle={International Conference on Learning Representations},
  year={2019}
}

% ========================================
% META-LEARNING - SURVEYS AND REVIEWS
% ========================================

@article{hospedales2021meta,
  title={Meta-learning in neural networks: A survey},
  author={Hospedales, Timothy and Antoniou, Antreas and Micaelli, Paul and Storkey, Amos},
  journal={IEEE Transactions on Pattern Analysis and Machine Intelligence},
  volume={44},
  number={9},
  pages={5149--5169},
  year={2021},
  publisher={IEEE}
}

@inproceedings{chen2019closer,
  title={A closer look at few-shot classification},
  author={Chen, Wei-Yu and Liu, Yen-Cheng and Kira, Zsolt and Wang, Yu-Chiang Frank and Huang, Jia-Bin},
  booktitle={International Conference on Learning Representations},
  year={2019}
}

% ========================================
% TRANSFER LEARNING
% ========================================

@article{pan2009survey,
  title={A survey on transfer learning},
  author={Pan, Sinno Jialin and Yang, Qiang},
  journal={IEEE Transactions on Knowledge and Data Engineering},
  volume={22},
  number={10},
  pages={1345--1359},
  year={2009},
  publisher={IEEE}
}

@article{goswami2020transfer,
  title={Transfer learning enhanced physics informed neural network for phase-field modeling of fracture},
  author={Goswami, Somdatta and Anitescu, Cosmin and Chakraborty, Souvik and Rabczuk, Timon},
  journal={Theoretical and Applied Fracture Mechanics},
  volume={106},
  pages={102447},
  year={2020},
  publisher={Elsevier}
}

@article{chakraborty2021transfer,
  title={Transfer learning based multi-fidelity physics informed deep neural network},
  author={Chakraborty, Souvik},
  journal={Journal of Computational Physics},
  volume={426},
  pages={109942},
  year={2021},
  publisher={Elsevier}
}

% ========================================
% NEURAL OPERATORS AND FUNCTION APPROXIMATION
% ========================================

@inproceedings{li2020fourier,
  title={Fourier neural operator for parametric partial differential equations},
  author={Li, Zongyi and Kovachki, Nikola and Azizzadenesheli, Kamyar and Liu, Burigede and Bhattacharya, Kaushik and Stuart, Andrew and Anandkumar, Anima},
  booktitle={International Conference on Learning Representations},
  year={2021}
}

@article{lu2019deeponet,
  title={DeepONet: Learning nonlinear operators for identifying differential equations based on the universal approximation theorem of operators},
  author={Lu, Lu and Jin, Pengzhan and Karniadakis, George Em},
  journal={arXiv preprint arXiv:1910.03193},
  year={2019}
}

@article{kovachki2021neural,
  title={Neural operator: Learning maps between function spaces},
  author={Kovachki, Nikola and Li, Zongyi and Liu, Burigede and Azizzadenesheli, Kamyar and Bhattacharya, Kaushik and Stuart, Andrew and Anandkumar, Anima},
  journal={arXiv preprint arXiv:2108.08481},
  year={2021}
}

@article{chen2020neural,
  title={Neural ordinary differential equations},
  author={Chen, Ricky TQ and Rubanova, Yulia and Bettencourt, Jesse and Duvenaud, David K},
  journal={Advances in Neural Information Processing Systems},
  volume={31},
  year={2018}
}

% ========================================
% SCIENTIFIC MACHINE LEARNING
% ========================================

@article{kashinath2021physics,
  title={Physics-informed machine learning: case studies for weather and climate modelling},
  author={Kashinath, Karthik and Mustafa, Mustafa and Albert, Adrian and Wu, Jia-Lin and Jiang, Cheng and Esmaeilzadeh, Soheil and Azizzadenesheli, Kamyar and Wang, Ruixu and Chattopadhyay, Ashesh and Singh, Aneesh and others},
  journal={Philosophical Transactions of the Royal Society A},
  volume={379},
  number={2194},
  pages={20200093},
  year={2021},
  publisher={The Royal Society Publishing}
}

@article{brunton2020machine,
  title={Machine learning for fluid mechanics},
  author={Brunton, Steven L and Noack, Bernd R and Koumoutsakos, Petros},
  journal={Annual Review of Fluid Mechanics},
  volume={52},
  pages={477--508},
  year={2020},
  publisher={Annual Reviews}
}

@article{brunton2019data,
  title={Data-driven discovery of partial differential equations},
  author={Brunton, Steven L and Proctor, Joshua L and Kutz, J Nathan},
  journal={Proceedings of the National Academy of Sciences},
  volume={113},
  number={15},
  pages={3932--3937},
  year={2016},
  publisher={National Acad Sciences}
}

@article{rackauckas2020universal,
  title={Universal differential equations for scientific machine learning},
  author={Rackauckas, Christopher and Ma, Yingbo and Martensen, Julius and Warner, Collin and Zubov, Kirill and Supekar, Rohit and Skinner, Dominic and Ramadhan, Ali and Edelman, Alan},
  journal={arXiv preprint arXiv:2001.04385},
  year={2020}
}

@article{pathak2018model,
  title={Model-free prediction of large spatiotemporally chaotic systems from data: A reservoir computing approach},
  author={Pathak, Jaideep and Hunt, Brian and Girvan, Michelle and Lu, Zhixin and Ott, Edward},
  journal={Physical Review Letters},
  volume={120},
  number={2},
  pages={024102},
  year={2018},
  publisher={APS}
}

% ========================================
% COMPUTATIONAL METHODS AND NUMERICAL ANALYSIS
% ========================================

@book{quarteroni2010numerical,
  title={Numerical approximation of partial differential equations},
  author={Quarteroni, Alfio and Valli, Alberto},
  volume={23},
  year={2008},
  publisher={Springer Science \& Business Media}
}

@book{brenner2008mathematical,
  title={The mathematical theory of finite element methods},
  author={Brenner, Susanne and Scott, Ridgway},
  volume={15},
  year={2007},
  publisher={Springer Science \& Business Media}
}

@article{hughes2005isogeometric,
  title={Isogeometric analysis: CAD, finite elements, NURBS, exact geometry and mesh refinement},
  author={Hughes, Thomas JR and Cottrell, Jessica A and Bazilevs, Yuri},
  journal={Computer Methods in Applied Mechanics and Engineering},
  volume={194},
  number={39-41},
  pages={4135--4195},
  year={2005},
  publisher={Elsevier}
}

@article{weinan2011principles,
  title={Principles of multiscale modeling},
  author={E, Weinan},
  journal={Cambridge University Press},
  year={2011}
}

@article{kevrekidis2003equation,
  title={Equation-free, coarse-grained multiscale computation: Enabling mocroscopic simulators to perform system-level analysis},
  author={Kevrekidis, Ioannis G and Gear, C William and Hyman, James M and Kevrekidis, Panagiotis G and Runborg, Olof and Theodoropoulos, Constantinos},
  journal={Communications in Mathematical Sciences},
  volume={1},
  number={4},
  pages={715--762},
  year={2003},
  publisher={International Press of Boston}
}

% ========================================
% DEEP LEARNING FOUNDATIONS
% ========================================

@article{lecun2015deep,
  title={Deep learning},
  author={LeCun, Yann and Bengio, Yoshua and Hinton, Geoffrey},
  journal={Nature},
  volume={521},
  number={7553},
  pages={436--444},
  year={2015},
  publisher={Nature Publishing Group}
}

@article{goodfellow2016deep,
  title={Deep learning},
  author={Goodfellow, Ian and Bengio, Yoshua and Courville, Aaron},
  journal={MIT Press},
  year={2016}
}

@article{kingma2014adam,
  title={Adam: A method for stochastic optimization},
  author={Kingma, Diederik P and Ba, Jimmy},
  journal={arXiv preprint arXiv:1412.6980},
  year={2014}
}

@inproceedings{he2016deep,
  title={Deep residual learning for image recognition},
  author={He, Kaiming and Zhang, Xiangyu and Ren, Shaoqing and Sun, Jian},
  booktitle={Proceedings of the IEEE Conference on Computer Vision and Pattern Recognition},
  pages={770--778},
  year={2016}
}

% ========================================
% DISTRIBUTED COMPUTING AND PARALLEL METHODS
% ========================================

@article{dean2012large,
  title={Large scale distributed deep networks},
  author={Dean, Jeffrey and Corrado, Greg and Monga, Rajat and Chen, Kai and Devin, Matthieu and Mao, Mark and Ranzato, Marc'aurelio and Senior, Andrew and Tucker, Paul and Yang, Ke and others},
  booktitle={Advances in Neural Information Processing Systems},
  volume={25},
  year={2012}
}

@article{li2014scaling,
  title={Scaling distributed machine learning with the parameter server},
  author={Li, Mu and Andersen, David G and Park, Jun Woo and Smola, Alexander J and Ahmed, Amr and Josifovski, Vanja and Long, James and Shekita, Eugene J and Su, Bor-Yiing},
  booktitle={11th USENIX Symposium on Operating Systems Design and Implementation (OSDI 14)},
  pages={583--598},
  year={2014}
}

% ========================================
% BENCHMARK DATASETS AND EVALUATION
% ========================================

@article{hao2023pinnacle,
  title={PINNacle: A Comprehensive Benchmark of Physics-Informed Neural Networks for Solving PDEs},
  author={Hao, Zhongkai and Liu, Chengyang and Su, Zeyu and Ying, Chengbin and Su, Hang and Zhu, Jun},
  journal={arXiv preprint arXiv:2306.08827},
  year={2023},
  note={Under review}
}

@article{takamoto2022pdebench,
  title={PDEBench: An extensive benchmark for scientific machine learning},
  author={Takamoto, Makoto and Praditia, Timothy and Leiteritz, Raphael and MacKinlay, Dan and Alesiani, Francesco and Pflüger, Dirk and Niepert, Mathias},
  journal={arXiv preprint arXiv:2210.07182},
  year={2022}
}

@article{brandstetter2022message,
  title={Message passing neural PDE solvers},
  author={Brandstetter, Johannes and Worrall, Daniel and Welling, Max},
  journal={arXiv preprint arXiv:2202.03376},
  year={2022}
}

% ========================================
% APPLICATIONS IN SPECIFIC DOMAINS
% ========================================

@article{wang2021meta,
  title={Meta-learning for few-shot molecular property prediction},
  author={Wang, Yujia and Agarwal, Rishabh and Liu, Maruan and Cho, Kyunghyun and Bengio, Yoshua},
  journal={arXiv preprint arXiv:2102.09548},
  year={2021}
}

@article{hu2019strategies,
  title={Strategies for pre-training graph neural networks},
  author={Hu, Weihua and Liu, Bowen and Gomes, Joseph and Zitnik, Marinka and Liang, Percy and Pande, Vijay and Leskovec, Jure},
  journal={arXiv preprint arXiv:1905.12265},
  year={2019}
}